<?xml version="1.0" encoding="UTF-8"?><record xmlns="http://www.loc.gov/MARC21/slim" xmlns:cinclude="http://apache.org/cocoon/include/1.0" xmlns:zs="http://www.loc.gov/zing/srw/">
  <leader>00552cz  a2200121n  4500</leader>
  <controlfield tag="001">n 2007044257</controlfield>
  <controlfield tag="003">DLC</controlfield>
  <controlfield tag="005">20070704075030.0</controlfield>
  <controlfield tag="008">070621n| acannaabn          |n aaa      </controlfield>
  <datafield tag="010" ind1=" " ind2=" ">
    <subfield code="a">n 2007044257</subfield>
  </datafield>
  <datafield tag="040" ind1=" " ind2=" ">
    <subfield code="a">DLC</subfield>
    <subfield code="b">eng</subfield>
    <subfield code="c">DLC</subfield>
    <subfield code="d">DLC</subfield>
  </datafield>
  <datafield tag="100" ind1="1" ind2=" ">
    <subfield code="a">Kumar, Arti,</subfield>
    <subfield code="d">1946-</subfield>
  </datafield>
  <datafield tag="670" ind1=" " ind2=" ">
    <subfield code="a">Kumar, Arti, 1946- Personal, academic and career development, 2008:</subfield>
    <subfield code="b">ECIP t.p. (Arti Kumar) data view (b. Oct. 5, 1946; Arti Kumar is Associate Director of the Centre of Excellence in Teaching and Learning (CETL) at the University of Bedfordshire, UK, and is a National Teaching Fellow)</subfield>
  </datafield>
</record>